{1:F01PT BANK MAXXXXX}{2:I940AIRXXX}{4:
:20:20210729010056
:25:165000136XXX
:28C:00210
:60F:C210729IDR12272761779
:61:210729D64000NTRF
:86:21072999195851577777013211
:61:210729C268996NTRF
:86:21072999195861588888013213
:61:210728C16500NTRF
:86:21072999196001599999013237
:62F:C210729IDR11576888767
-}
